<?xml version="1.0" encoding="UTF-8"?><record xmlns="http://www.loc.gov/MARC21/slim" xmlns:cinclude="http://apache.org/cocoon/include/1.0" xmlns:zs="http://www.loc.gov/zing/srw/">
  <leader>00483nz  a2200121n  4500</leader>
  <controlfield tag="001">nr 96026189 </controlfield>
  <controlfield tag="003">DLC</controlfield>
  <controlfield tag="005">19960723053103.8</controlfield>
  <controlfield tag="008">960719n| acannaab|          |n ana     c</controlfield>
  <datafield tag="010" ind1=" " ind2=" ">
    <subfield code="a">nr 96026189 </subfield>
  </datafield>
  <datafield tag="040" ind1=" " ind2=" ">
    <subfield code="a">NjP</subfield>
    <subfield code="c">NjP</subfield>
  </datafield>
  <datafield tag="110" ind1="2" ind2="0">
    <subfield code="a">Consiliul Popular al Municipiului București.</subfield>
    <subfield code="b">Direcția de Arhitectură și Sistematizare</subfield>
  </datafield>
  <datafield tag="670" ind1=" " ind2=" ">
    <subfield code="a">Ghidul străzilor municipiului București, 1969:</subfield>
    <subfield code="b">t.p. (Consiliul Popular al Municipiului Bucureşti, Direcția de Arhitectură și Sistematizare)</subfield>
  </datafield>
</record>